@article{gomez2022academic,
  title={Academic Games-Mapping the Use of Video Games in Research Contexts},
  author={G{\'o}mez-Maureira, Marcello A and van Duijn, Max and Rieffe, Carolien and Plaat, Aske},
  year={2022}
}

@article{udeozor2022digital,
  title={Digital games in engineering education: systematic review and future trends},
  author={Udeozor, Chioma and Toyoda, Ryo and Russo Abeg{\~a}o, Fernando and Glassey, Jarka},
  journal={European Journal of Engineering Education},
  pages={1--19},
  year={2022},
  publisher={Taylor \& Francis}
}

@article{plass2015foundations,
  title={Foundations of game-based learning},
  author={Plass, Jan L and Homer, Bruce D and Kinzer, Charles K},
  journal={Educational psychologist},
  volume={50},
  number={4},
  pages={258--283},
  year={2015},
  publisher={Taylor \& Francis}
}

@inbook{steve2005introduction,
  editor={Steve Rabin},
  title={Introduction to game development},
  chapter={2},
  publisher={Hingham, MA : Charles River Media},
  year={2005}
}

@misc{saul2022simplypsychology,
  title={Maslow's Hierarchy of Needs},
  author={Saul McLeod},
  year={2022},
  note = {Last accessed 16 November 2022},
  howpublished = {\url{https://www.simplypsychology.org/maslow.html#:~:text=From\%20the\%20bottom\%20of\%20the,attend\%20to\%20needs\%20higher\%20up.}}
}

@misc{chris2016gnomestew,
  title={The Eight Tyeps of Fun},
  author={Chris Sniezak},
  year={2016},
  note = {Last accessed 16 November 2022},
  howpublished = {\url{https://gnomestew.com/the-eight-types-of-fun/}}
}

@misc{christine2021tophat,
  title={Bloomâ€™s Taxonomy: The Ultimate Guide},
  author={Christine Persaud},
  year={2021},
  note = {Last accessed 15 November 2022},
  howpublished = {\url{https://tophat.com/blog/blooms-taxonomy/}}
}

@misc{kmuttobe,
  title={Outcome Based Education},
  author={KMUTT C4ED},
  year={},
  note = {Last accessed 15 November 2022},
  howpublished = {\url{https://cilt.wu.ac.th/backEnd/myfile/attUKPSF/OBE\%20WorkSheet\%20CUPT.pdf}}
}

@misc{reginelo,
  title={CHARACTERISTICS OF GOOD LEARNING OUTCOMES},
  author={Regine Rafer},
  year={},
  note = {Last accessed 24 November 2022},
  howpublished = {\url{https://www.academia.edu/33889461/CHARACTERISTICS_OF_GOOD_LEARNING_OUTCOMES}}
}

@misc{isfetaddie,
  title={What is the ADDIE Model?},
  author={ISFET},
  year={},
  note = {Last accessed 15 November 2022},
  howpublished = {\url{https://www.isfet.org/pages/addie-model}}
}

@misc{michiganpilot,
  title={PILOT TESTING IN THE SHARED DISCOVERY CURRICULUM},
  author={Michigan State University},
  year={},
  note = {Last accessed 25 November 2022},
  howpublished = {\url{https://curriculum.chm.msu.edu/about/sdc-pilots}}
}

@inproceedings{immanuel2019genetic,
  title={Genetic algorithm: an approach on optimization},
  author={Immanuel, Savio D and Chakraborty, Udit Kr},
  booktitle={2019 International Conference on Communication and Electronics Systems (ICCES)},
  pages={701--708},
  year={2019},
  organization={IEEE}
}

@article{man1996genetic,  
  author={Man, K.F. and Tang, K.S. and Kwong, S.},  
  journal={IEEE Transactions on Industrial Electronics},   
  title={Genetic algorithms: concepts and applications [in engineering design]},   
  year={1996},  
  volume={43},  
  number={5},  
  pages={519-534},  
  doi={10.1109/41.538609}
}

@inproceedings{koljonen2006effects,
  title={Effects of population size and relative elitism on optimization speed and reliability of genetic algorithms},
  author={Koljonen, Janne and Alander, Jarmo T},
  booktitle={Proceedings of the ninth Scandinavian conference on artificial intelligence (SCAI 2006)},
  pages={54--60},
  year={2006}
}

@article{nidhi201comparative,
  title={A Comparative Analysis of Genetic Algorithm Selection Techniques},
  author={Nidhi},
  journal={International Research Journal of Engineering and Technology (IRJET)},
  volume={4},
  pages={2453--2455},
  year={2017},
  publisher={IRJET}
}

@misc{vinicius2022elitism,
  title={Elitism in Evolutionary Algorithms},
  author={Vinicius Fulber Garcia},
  year={2022},
  note = {Last accessed 25 November 2022},
  howpublished = {\url{https://www.baeldung.com/cs/elitism-in-evolutionary-algorithms}}
}

@article{laabadi20180,
  title={The 0/1 multidimensional knapsack problem and its variants: a survey of practical models and heuristic approaches},
  author={Laabadi, Soukaina and Naimi, Mohamed and El Amri, Hassan and Achchab, Boujem{\^a}a and others},
  journal={American Journal of Operations Research},
  volume={8},
  number={05},
  pages={395},
  year={2018},
  publisher={Scientific Research Publishing}
}

@misc{arpit2022,
  title={Genetic Algorithm to solve the Knapsack Problem},
  author={Arpit, Bhayani},
  year={2022},
  note = {Last accessed 6 November 2022},
  howpublished = {\url{https://arpitbhayani.me/blogs/genetic-knapsack}}
}

@misc{nick2021usability,
  title={User \& Usability Testing Questions: Ultimate Guide},
  author={Nick Babich},
  year={2021},
  note = {Last accessed 24 March 2023},
  howpublished = {\url{https://xd.adobe.com/ideas/process/user-testing/usability-testing-questions-tips-examples/}}
}

@misc{jakob2012usability,
  title={How Many Test Users in a Usability Study?},
  author={Jakob Nielsen},
  year={2012},
  note = {Last accessed 24 March 2023},
  howpublished = {\url{https://www.nngroup.com/articles/how-many-test-users/#:~:text=For\%20really\%20low\%2Doverhead\%20projects,5\%20users\%20per\%20usability\%20test.}}
}

--------------- references to 4 unused real-world problem ------------

misc{tejaswee2020medium,
  title={Using Genetic Algorithms to solve Equations},
  author={Tejaswee, Pokhrel},
  year={2020},
  note = {Last accessed 6 November 2022},
  howpublished = {\url{}}
}


inproceedings{Junkermeier2015AGA,
  title={A Genetic Algorithm for the Number Partitioning Problem},
  author={Jordan Junkermeier},
  year={2015}
}

inproceedings{hindi2012genetic,
  title={Genetic algorithm applied to the graph coloring problem},
  author={Hindi, Musa M and Yampolskiy, Roman V},
  booktitle={Proc. 23rd Midwest Artificial Intelligence and Cognitive Science Conf},
  pages={61--66},
  year={2012}
}

article{larranaga1999genetic,
  title={Genetic algorithms for the travelling salesman problem: A review of representations and operators},
  author={Larranaga, Pedro and Kuijpers, Cindy M. H. and Murga, Roberto H. and Inza, Inaki and Dizdarevic, Sejla},
  journal={Artificial intelligence review},
  volume={13},
  number={2},
  pages={129--170},
  year={1999},
  publisher={Springer}
}

------------------------------------------------------------------

@misc{unity2021,
  title={2021 GAMING REPORT},
  author={Unity},
  year={2021},
  note = {Last accessed 25 November 2022},
  howpublished = {\url{https://images.response.unity3d.com/Web/Unity/\%7B4eb56531-e6aa-492f-8fda-c68ae20af950\%7D\_2021\_Gaming\_Report\_-\_Operate\_Solutions.pdf}}
}

@misc{unity2022,
  title={2022 GAMING REPORT},
  author={Unity},
  year={2022},
  note = {Last accessed 25 November 2022},
  howpublished = {\url{https://images.response.unity3d.com/Web/Unity/\%7B10460b81-b6e7-4784-a735-e7347afdf06e\%7D\_Unity-Gaming-Report-2022.pdf}}
}

@misc{perforce2022,
  title={2022 GAMING DEVELOPMENT TRENDS \& FORECAST},
  author={Perforce},
  year={2022},
  note = {Last accessed 25 November 2022},
  howpublished = {\url{https://mma.prnewswire.com/media/1880817/Game\_Development\_Trends.pdf}}
}

@misc{ben2022,
  title={Unity vs. Unreal: Which Game Engine is Best For You?},
  author={Ben Tristem},
  year={2022},
  note = {Last accessed 25 November 2022},
  howpublished = {\url{https://blog.udemy.com/unity-vs-unreal-which-game-engine-is-best-for-you/}}
}

@misc{daniel2022,
  title={Figma review},
  author={Daniel Schwarz},
  year={2022},
  note = {Last accessed 25 November 2022},
  howpublished = {\url{https://www.creativebloq.com/reviews/figma}}
}

@article{camingue2021visualnovel,
author = {Camingue, Janelynn and Carstensdottir, Elin and Melcer, Edward},
year = {2021},
month = {10},
pages = {1-18},
title = {What is a Visual Novel?},
volume = {5},
journal = {Proceedings of the ACM on Human-Computer Interaction},
doi = {10.1145/3474712}
}

@INPROCEEDINGS{zhang2019puzzle,
  author={Zhang, Yingfang and Shen, Zhiyu and Zhang, Yifan},
  booktitle={2019 IEEE 2nd International Conference on Knowledge Innovation and Invention (ICKII)}, 
  title={Research on the Design of Puzzle Games Based on Unity 3D}, 
  year={2019},
  volume={},
  number={},
  pages={145-148},
  doi={10.1109/ICKII46306.2019.9042694}
}

@article{dondlinger2007educational,
  title={Educational video game design: A review of the literature},
  author={Dondlinger, Mary Jo},
  journal={Journal of applied educational technology},
  volume={4},
  number={1},
  pages={21--31},
  year={2007}
}

@misc{mobygamesomega,
  title={Omega},
  author={MobyGames},
  year={},
  note = {Last accessed 15 November 2022},
  howpublished = {\url{https://www.mobygames.com/game/omega_}}
}

@misc{eberly2022why,
  title={Why should assessments, learning objectives, and instructional strategies be aligned?},
  author={Eberly Center},
  year={2022},
  note = {Last accessed 24 November 2022},
  howpublished = {\url{https://www.cmu.edu/teaching/assessment/basics/alignment.html}}
}